@misc{Alexander2018,
  author       = {Moira Alexander},
  title        = {Agile project managementL 12 key principles, 4 big hurdles},
  howpublished = {\url{https://www.cio.com/article/3156998/agile-project-management-a-beginners-guide.html}},
  year         = {2018}
}